<?xml version="1.0" encoding="UTF-8"?><collection xmlns="http://www.loc.gov/MARC21/slim"><record><leader>00375nam--2200133-i-4500</leader><controlfield tag="001">000012670</controlfield><controlfield tag="002">20161230</controlfield><controlfield tag="005">20161230201029</controlfield><controlfield tag="008">060222s1000------------r-----000-0-eng-d</controlfield><datafield ind1=" " ind2=" " tag="080"><subfield code="a">521.375</subfield></datafield><datafield ind1=" " ind2=" " tag="100"><subfield code="a">Graeme, Jerald G</subfield></datafield><datafield ind1=" " ind2=" " tag="245"><subfield code="a">Applications of operational amplifiers. third-generation techniques</subfield></datafield><datafield ind1=" " ind2=" " tag="260"><subfield code="a">Tokyo, Mcgraw-hill Kogakusha, Ltd. Vii + 233 P</subfield></datafield><datafield ind1=" " ind2=" " tag="852"><subfield code="a">35558</subfield></datafield></record></collection>